%YAML 1.1
%TAG !u! tag:unity3d.com,2011:
--- !u!1 &105458
GameObject:
  m_ObjectHideFlags: 0
  m_PrefabParentObject: {fileID: 0}
  m_PrefabInternal: {fileID: 100100000}
  serializedVersion: 4
  m_Component:
  - 4: {fileID: 406716}
  - 111: {fileID: 11151840}
  - 114: {fileID: 11495164}
  m_Layer: 0
  m_Name: MP5
  m_TagString: Untagged
  m_Icon: {fileID: 0}
  m_NavMeshLayer: 0
  m_StaticEditorFlags: 0
  m_IsActive: 1
--- !u!1 &108792
GameObject:
  m_ObjectHideFlags: 0
  m_PrefabParentObject: {fileID: 0}
  m_PrefabInternal: {fileID: 100100000}
  serializedVersion: 4
  m_Component:
  - 4: {fileID: 465554}
  m_Layer: 0
  m_Name: Bone01
  m_TagString: Untagged
  m_Icon: {fileID: 0}
  m_NavMeshLayer: 0
  m_StaticEditorFlags: 0
  m_IsActive: 1
--- !u!1 &110692
GameObject:
  m_ObjectHideFlags: 1
  m_PrefabParentObject: {fileID: 0}
  m_PrefabInternal: {fileID: 100100000}
  serializedVersion: 4
  m_Component:
  - 4: {fileID: 424604}
  m_Layer: 0
  m_Name: Bone14
  m_TagString: Untagged
  m_Icon: {fileID: 0}
  m_NavMeshLayer: 0
  m_StaticEditorFlags: 0
  m_IsActive: 1
--- !u!1 &112982
GameObject:
  m_ObjectHideFlags: 0
  m_PrefabParentObject: {fileID: 0}
  m_PrefabInternal: {fileID: 100100000}
  serializedVersion: 4
  m_Component:
  - 4: {fileID: 432524}
  - 137: {fileID: 13758234}
  m_Layer: 0
  m_Name: clip.bmp
  m_TagString: Untagged
  m_Icon: {fileID: 0}
  m_NavMeshLayer: 0
  m_StaticEditorFlags: 0
  m_IsActive: 1
--- !u!1 &118204
GameObject:
  m_ObjectHideFlags: 1
  m_PrefabParentObject: {fileID: 0}
  m_PrefabInternal: {fileID: 100100000}
  serializedVersion: 4
  m_Component:
  - 4: {fileID: 486470}
  m_Layer: 0
  m_Name: Bone44
  m_TagString: Untagged
  m_Icon: {fileID: 0}
  m_NavMeshLayer: 0
  m_StaticEditorFlags: 0
  m_IsActive: 1
--- !u!1 &121874
GameObject:
  m_ObjectHideFlags: 1
  m_PrefabParentObject: {fileID: 0}
  m_PrefabInternal: {fileID: 100100000}
  serializedVersion: 4
  m_Component:
  - 4: {fileID: 421160}
  m_Layer: 0
  m_Name: Bone27
  m_TagString: Untagged
  m_Icon: {fileID: 0}
  m_NavMeshLayer: 0
  m_StaticEditorFlags: 0
  m_IsActive: 1
--- !u!1 &122554
GameObject:
  m_ObjectHideFlags: 1
  m_PrefabParentObject: {fileID: 0}
  m_PrefabInternal: {fileID: 100100000}
  serializedVersion: 4
  m_Component:
  - 4: {fileID: 407696}
  m_Layer: 0
  m_Name: Bone33
  m_TagString: Untagged
  m_Icon: {fileID: 0}
  m_NavMeshLayer: 0
  m_StaticEditorFlags: 0
  m_IsActive: 1
--- !u!1 &122666
GameObject:
  m_ObjectHideFlags: 0
  m_PrefabParentObject: {fileID: 0}
  m_PrefabInternal: {fileID: 100100000}
  serializedVersion: 4
  m_Component:
  - 4: {fileID: 449006}
  - 137: {fileID: 13753740}
  m_Layer: 0
  m_Name: view_finger.bmp
  m_TagString: Untagged
  m_Icon: {fileID: 0}
  m_NavMeshLayer: 0
  m_StaticEditorFlags: 0
  m_IsActive: 1
--- !u!1 &123136
GameObject:
  m_ObjectHideFlags: 1
  m_PrefabParentObject: {fileID: 0}
  m_PrefabInternal: {fileID: 100100000}
  serializedVersion: 4
  m_Component:
  - 4: {fileID: 426150}
  m_Layer: 0
  m_Name: Bone37
  m_TagString: Untagged
  m_Icon: {fileID: 0}
  m_NavMeshLayer: 0
  m_StaticEditorFlags: 0
  m_IsActive: 1
--- !u!1 &123394
GameObject:
  m_ObjectHideFlags: 0
  m_PrefabParentObject: {fileID: 0}
  m_PrefabInternal: {fileID: 100100000}
  serializedVersion: 4
  m_Component:
  - 4: {fileID: 424054}
  - 137: {fileID: 13714432}
  m_Layer: 0
  m_Name: barrel.bmp
  m_TagString: Untagged
  m_Icon: {fileID: 0}
  m_NavMeshLayer: 0
  m_StaticEditorFlags: 0
  m_IsActive: 1
--- !u!1 &124240
GameObject:
  m_ObjectHideFlags: 1
  m_PrefabParentObject: {fileID: 0}
  m_PrefabInternal: {fileID: 100100000}
  serializedVersion: 4
  m_Component:
  - 4: {fileID: 482742}
  m_Layer: 0
  m_Name: Bone26
  m_TagString: Untagged
  m_Icon: {fileID: 0}
  m_NavMeshLayer: 0
  m_StaticEditorFlags: 0
  m_IsActive: 1
--- !u!1 &126490
GameObject:
  m_ObjectHideFlags: 1
  m_PrefabParentObject: {fileID: 0}
  m_PrefabInternal: {fileID: 100100000}
  serializedVersion: 4
  m_Component:
  - 4: {fileID: 467958}
  m_Layer: 0
  m_Name: Bone43
  m_TagString: Untagged
  m_Icon: {fileID: 0}
  m_NavMeshLayer: 0
  m_StaticEditorFlags: 0
  m_IsActive: 1
--- !u!1 &127230
GameObject:
  m_ObjectHideFlags: 1
  m_PrefabParentObject: {fileID: 0}
  m_PrefabInternal: {fileID: 100100000}
  serializedVersion: 4
  m_Component:
  - 4: {fileID: 411290}
  m_Layer: 0
  m_Name: Bone06
  m_TagString: Untagged
  m_Icon: {fileID: 0}
  m_NavMeshLayer: 0
  m_StaticEditorFlags: 0
  m_IsActive: 1
--- !u!1 &127268
GameObject:
  m_ObjectHideFlags: 1
  m_PrefabParentObject: {fileID: 0}
  m_PrefabInternal: {fileID: 100100000}
  serializedVersion: 4
  m_Component:
  - 4: {fileID: 476762}
  m_Layer: 0
  m_Name: Bone31
  m_TagString: Untagged
  m_Icon: {fileID: 0}
  m_NavMeshLayer: 0
  m_StaticEditorFlags: 0
  m_IsActive: 1
--- !u!1 &132022
GameObject:
  m_ObjectHideFlags: 1
  m_PrefabParentObject: {fileID: 0}
  m_PrefabInternal: {fileID: 100100000}
  serializedVersion: 4
  m_Component:
  - 4: {fileID: 472654}
  m_Layer: 0
  m_Name: Bone35
  m_TagString: Untagged
  m_Icon: {fileID: 0}
  m_NavMeshLayer: 0
  m_StaticEditorFlags: 0
  m_IsActive: 1
--- !u!1 &132938
GameObject:
  m_ObjectHideFlags: 1
  m_PrefabParentObject: {fileID: 0}
  m_PrefabInternal: {fileID: 100100000}
  serializedVersion: 4
  m_Component:
  - 4: {fileID: 458806}
  m_Layer: 0
  m_Name: Bone13
  m_TagString: Untagged
  m_Icon: {fileID: 0}
  m_NavMeshLayer: 0
  m_StaticEditorFlags: 0
  m_IsActive: 1
--- !u!1 &133752
GameObject:
  m_ObjectHideFlags: 1
  m_PrefabParentObject: {fileID: 0}
  m_PrefabInternal: {fileID: 100100000}
  serializedVersion: 4
  m_Component:
  - 4: {fileID: 408216}
  m_Layer: 0
  m_Name: Bone07
  m_TagString: Untagged
  m_Icon: {fileID: 0}
  m_NavMeshLayer: 0
  m_StaticEditorFlags: 0
  m_IsActive: 1
--- !u!1 &136846
GameObject:
  m_ObjectHideFlags: 0
  m_PrefabParentObject: {fileID: 0}
  m_PrefabInternal: {fileID: 100100000}
  serializedVersion: 4
  m_Component:
  - 4: {fileID: 461192}
  - 137: {fileID: 13723540}
  m_Layer: 0
  m_Name: lowerrec.bmp
  m_TagString: Untagged
  m_Icon: {fileID: 0}
  m_NavMeshLayer: 0
  m_StaticEditorFlags: 0
  m_IsActive: 1
--- !u!1 &136992
GameObject:
  m_ObjectHideFlags: 1
  m_PrefabParentObject: {fileID: 0}
  m_PrefabInternal: {fileID: 100100000}
  serializedVersion: 4
  m_Component:
  - 4: {fileID: 425532}
  m_Layer: 0
  m_Name: Bone15
  m_TagString: Untagged
  m_Icon: {fileID: 0}
  m_NavMeshLayer: 0
  m_StaticEditorFlags: 0
  m_IsActive: 1
--- !u!1 &137318
GameObject:
  m_ObjectHideFlags: 1
  m_PrefabParentObject: {fileID: 0}
  m_PrefabInternal: {fileID: 100100000}
  serializedVersion: 4
  m_Component:
  - 4: {fileID: 496142}
  m_Layer: 0
  m_Name: Bone11
  m_TagString: Untagged
  m_Icon: {fileID: 0}
  m_NavMeshLayer: 0
  m_StaticEditorFlags: 0
  m_IsActive: 1
--- !u!1 &138412
GameObject:
  m_ObjectHideFlags: 1
  m_PrefabParentObject: {fileID: 0}
  m_PrefabInternal: {fileID: 100100000}
  serializedVersion: 4
  m_Component:
  - 4: {fileID: 479188}
  m_Layer: 0
  m_Name: Bone_Lefthand
  m_TagString: Untagged
  m_Icon: {fileID: 0}
  m_NavMeshLayer: 0
  m_StaticEditorFlags: 0
  m_IsActive: 1
--- !u!1 &138878
GameObject:
  m_ObjectHideFlags: 1
  m_PrefabParentObject: {fileID: 0}
  m_PrefabInternal: {fileID: 100100000}
  serializedVersion: 4
  m_Component:
  - 4: {fileID: 491844}
  m_Layer: 0
  m_Name: Bone 04
  m_TagString: Untagged
  m_Icon: {fileID: 0}
  m_NavMeshLayer: 0
  m_StaticEditorFlags: 0
  m_IsActive: 1
--- !u!1 &139414
GameObject:
  m_ObjectHideFlags: 1
  m_PrefabParentObject: {fileID: 0}
  m_PrefabInternal: {fileID: 100100000}
  serializedVersion: 4
  m_Component:
  - 4: {fileID: 419434}
  m_Layer: 0
  m_Name: Bone25
  m_TagString: Untagged
  m_Icon: {fileID: 0}
  m_NavMeshLayer: 0
  m_StaticEditorFlags: 0
  m_IsActive: 1
--- !u!1 &140914
GameObject:
  m_ObjectHideFlags: 1
  m_PrefabParentObject: {fileID: 0}
  m_PrefabInternal: {fileID: 100100000}
  serializedVersion: 4
  m_Component:
  - 4: {fileID: 421014}
  m_Layer: 0
  m_Name: Bone52
  m_TagString: Untagged
  m_Icon: {fileID: 0}
  m_NavMeshLayer: 0
  m_StaticEditorFlags: 0
  m_IsActive: 1
--- !u!1 &141742
GameObject:
  m_ObjectHideFlags: 1
  m_PrefabParentObject: {fileID: 0}
  m_PrefabInternal: {fileID: 100100000}
  serializedVersion: 4
  m_Component:
  - 4: {fileID: 476822}
  m_Layer: 0
  m_Name: Bone50
  m_TagString: Untagged
  m_Icon: {fileID: 0}
  m_NavMeshLayer: 0
  m_StaticEditorFlags: 0
  m_IsActive: 1
--- !u!1 &143862
GameObject:
  m_ObjectHideFlags: 1
  m_PrefabParentObject: {fileID: 0}
  m_PrefabInternal: {fileID: 100100000}
  serializedVersion: 4
  m_Component:
  - 4: {fileID: 409550}
  m_Layer: 0
  m_Name: Bone56
  m_TagString: Untagged
  m_Icon: {fileID: 0}
  m_NavMeshLayer: 0
  m_StaticEditorFlags: 0
  m_IsActive: 1
--- !u!1 &145322
GameObject:
  m_ObjectHideFlags: 1
  m_PrefabParentObject: {fileID: 0}
  m_PrefabInternal: {fileID: 100100000}
  serializedVersion: 4
  m_Component:
  - 4: {fileID: 413170}
  m_Layer: 0
  m_Name: Bone29
  m_TagString: Untagged
  m_Icon: {fileID: 0}
  m_NavMeshLayer: 0
  m_StaticEditorFlags: 0
  m_IsActive: 1
--- !u!1 &148678
GameObject:
  m_ObjectHideFlags: 0
  m_PrefabParentObject: {fileID: 0}
  m_PrefabInternal: {fileID: 100100000}
  serializedVersion: 4
  m_Component:
  - 4: {fileID: 493914}
  - 137: {fileID: 13778334}
  m_Layer: 0
  m_Name: view_skin.BMP
  m_TagString: Untagged
  m_Icon: {fileID: 0}
  m_NavMeshLayer: 0
  m_StaticEditorFlags: 0
  m_IsActive: 1
--- !u!1 &151232
GameObject:
  m_ObjectHideFlags: 0
  m_PrefabParentObject: {fileID: 0}
  m_PrefabInternal: {fileID: 100100000}
  serializedVersion: 4
  m_Component:
  - 4: {fileID: 498436}
  - 137: {fileID: 13763028}
  m_Layer: 0
  m_Name: rearsight.bmp
  m_TagString: Untagged
  m_Icon: {fileID: 0}
  m_NavMeshLayer: 0
  m_StaticEditorFlags: 0
  m_IsActive: 1
--- !u!1 &151382
GameObject:
  m_ObjectHideFlags: 1
  m_PrefabParentObject: {fileID: 0}
  m_PrefabInternal: {fileID: 100100000}
  serializedVersion: 4
  m_Component:
  - 4: {fileID: 412690}
  m_Layer: 0
  m_Name: Bone32
  m_TagString: Untagged
  m_Icon: {fileID: 0}
  m_NavMeshLayer: 0
  m_StaticEditorFlags: 0
  m_IsActive: 1
--- !u!1 &153220
GameObject:
  m_ObjectHideFlags: 1
  m_PrefabParentObject: {fileID: 0}
  m_PrefabInternal: {fileID: 100100000}
  serializedVersion: 4
  m_Component:
  - 4: {fileID: 434796}
  m_Layer: 0
  m_Name: Bone22
  m_TagString: Untagged
  m_Icon: {fileID: 0}
  m_NavMeshLayer: 0
  m_StaticEditorFlags: 0
  m_IsActive: 1
--- !u!1 &155472
GameObject:
  m_ObjectHideFlags: 1
  m_PrefabParentObject: {fileID: 0}
  m_PrefabInternal: {fileID: 100100000}
  serializedVersion: 4
  m_Component:
  - 4: {fileID: 452826}
  m_Layer: 0
  m_Name: Bone39
  m_TagString: Untagged
  m_Icon: {fileID: 0}
  m_NavMeshLayer: 0
  m_StaticEditorFlags: 0
  m_IsActive: 1
--- !u!1 &156612
GameObject:
  m_ObjectHideFlags: 0
  m_PrefabParentObject: {fileID: 0}
  m_PrefabInternal: {fileID: 100100000}
  serializedVersion: 4
  m_Component:
  - 4: {fileID: 474754}
  - 137: {fileID: 13706968}
  m_Layer: 0
  m_Name: buttstock.bmp
  m_TagString: Untagged
  m_Icon: {fileID: 0}
  m_NavMeshLayer: 0
  m_StaticEditorFlags: 0
  m_IsActive: 1
--- !u!1 &161154
GameObject:
  m_ObjectHideFlags: 0
  m_PrefabParentObject: {fileID: 0}
  m_PrefabInternal: {fileID: 100100000}
  serializedVersion: 4
  m_Component:
  - 4: {fileID: 401644}
  - 137: {fileID: 13716394}
  m_Layer: 0
  m_Name: handle.bmp
  m_TagString: Untagged
  m_Icon: {fileID: 0}
  m_NavMeshLayer: 0
  m_StaticEditorFlags: 0
  m_IsActive: 1
--- !u!1 &163658
GameObject:
  m_ObjectHideFlags: 1
  m_PrefabParentObject: {fileID: 0}
  m_PrefabInternal: {fileID: 100100000}
  serializedVersion: 4
  m_Component:
  - 4: {fileID: 468390}
  m_Layer: 0
  m_Name: Bone45
  m_TagString: Untagged
  m_Icon: {fileID: 0}
  m_NavMeshLayer: 0
  m_StaticEditorFlags: 0
  m_IsActive: 1
--- !u!1 &163876
GameObject:
  m_ObjectHideFlags: 0
  m_PrefabParentObject: {fileID: 0}
  m_PrefabInternal: {fileID: 100100000}
  serializedVersion: 4
  m_Component:
  - 4: {fileID: 462944}
  - 137: {fileID: 13717840}
  m_Layer: 0
  m_Name: view_glove.bmp
  m_TagString: Untagged
  m_Icon: {fileID: 0}
  m_NavMeshLayer: 0
  m_StaticEditorFlags: 0
  m_IsActive: 1
--- !u!1 &165302
GameObject:
  m_ObjectHideFlags: 1
  m_PrefabParentObject: {fileID: 0}
  m_PrefabInternal: {fileID: 100100000}
  serializedVersion: 4
  m_Component:
  - 4: {fileID: 417954}
  m_Layer: 0
  m_Name: Bone03
  m_TagString: Untagged
  m_Icon: {fileID: 0}
  m_NavMeshLayer: 0
  m_StaticEditorFlags: 0
  m_IsActive: 1
--- !u!1 &168426
GameObject:
  m_ObjectHideFlags: 1
  m_PrefabParentObject: {fileID: 0}
  m_PrefabInternal: {fileID: 100100000}
  serializedVersion: 4
  m_Component:
  - 4: {fileID: 455148}
  m_Layer: 0
  m_Name: Bone09
  m_TagString: Untagged
  m_Icon: {fileID: 0}
  m_NavMeshLayer: 0
  m_StaticEditorFlags: 0
  m_IsActive: 1
--- !u!1 &169450
GameObject:
  m_ObjectHideFlags: 1
  m_PrefabParentObject: {fileID: 0}
  m_PrefabInternal: {fileID: 100100000}
  serializedVersion: 4
  m_Component:
  - 4: {fileID: 452228}
  m_Layer: 0
  m_Name: Bone54
  m_TagString: Untagged
  m_Icon: {fileID: 0}
  m_NavMeshLayer: 0
  m_StaticEditorFlags: 0
  m_IsActive: 1
--- !u!1 &177130
GameObject:
  m_ObjectHideFlags: 1
  m_PrefabParentObject: {fileID: 0}
  m_PrefabInternal: {fileID: 100100000}
  serializedVersion: 4
  m_Component:
  - 4: {fileID: 425302}
  m_Layer: 0
  m_Name: Bone23
  m_TagString: Untagged
  m_Icon: {fileID: 0}
  m_NavMeshLayer: 0
  m_StaticEditorFlags: 0
  m_IsActive: 1
--- !u!1 &177266
GameObject:
  m_ObjectHideFlags: 1
  m_PrefabParentObject: {fileID: 0}
  m_PrefabInternal: {fileID: 100100000}
  serializedVersion: 4
  m_Component:
  - 4: {fileID: 455990}
  m_Layer: 0
  m_Name: Bone10
  m_TagString: Untagged
  m_Icon: {fileID: 0}
  m_NavMeshLayer: 0
  m_StaticEditorFlags: 0
  m_IsActive: 1
--- !u!1 &177640
GameObject:
  m_ObjectHideFlags: 1
  m_PrefabParentObject: {fileID: 0}
  m_PrefabInternal: {fileID: 100100000}
  serializedVersion: 4
  m_Component:
  - 4: {fileID: 431126}
  m_Layer: 0
  m_Name: Bone28
  m_TagString: Untagged
  m_Icon: {fileID: 0}
  m_NavMeshLayer: 0
  m_StaticEditorFlags: 0
  m_IsActive: 1
--- !u!1 &179656
GameObject:
  m_ObjectHideFlags: 0
  m_PrefabParentObject: {fileID: 0}
  m_PrefabInternal: {fileID: 100100000}
  serializedVersion: 4
  m_Component:
  - 4: {fileID: 452102}
  - 137: {fileID: 13706048}
  m_Layer: 0
  m_Name: forearm.bmp
  m_TagString: Untagged
  m_Icon: {fileID: 0}
  m_NavMeshLayer: 0
  m_StaticEditorFlags: 0
  m_IsActive: 1
--- !u!1 &180034
GameObject:
  m_ObjectHideFlags: 0
  m_PrefabParentObject: {fileID: 0}
  m_PrefabInternal: {fileID: 100100000}
  serializedVersion: 4
  m_Component:
  - 4: {fileID: 469872}
  m_Layer: 0
  m_Name: Bone04
  m_TagString: Untagged
  m_Icon: {fileID: 0}
  m_NavMeshLayer: 0
  m_StaticEditorFlags: 0
  m_IsActive: 1
--- !u!1 &180608
GameObject:
  m_ObjectHideFlags: 1
  m_PrefabParentObject: {fileID: 0}
  m_PrefabInternal: {fileID: 100100000}
  serializedVersion: 4
  m_Component:
  - 4: {fileID: 441638}
  m_Layer: 0
  m_Name: Bone21
  m_TagString: Untagged
  m_Icon: {fileID: 0}
  m_NavMeshLayer: 0
  m_StaticEditorFlags: 0
  m_IsActive: 1
--- !u!1 &182080
GameObject:
  m_ObjectHideFlags: 1
  m_PrefabParentObject: {fileID: 0}
  m_PrefabInternal: {fileID: 100100000}
  serializedVersion: 4
  m_Component:
  - 4: {fileID: 455002}
  m_Layer: 0
  m_Name: Bone48
  m_TagString: Untagged
  m_Icon: {fileID: 0}
  m_NavMeshLayer: 0
  m_StaticEditorFlags: 0
  m_IsActive: 1
--- !u!1 &184028
GameObject:
  m_ObjectHideFlags: 1
  m_PrefabParentObject: {fileID: 0}
  m_PrefabInternal: {fileID: 100100000}
  serializedVersion: 4
  m_Component:
  - 4: {fileID: 406082}
  m_Layer: 0
  m_Name: Bone19
  m_TagString: Untagged
  m_Icon: {fileID: 0}
  m_NavMeshLayer: 0
  m_StaticEditorFlags: 0
  m_IsActive: 1
--- !u!1 &184482
GameObject:
  m_ObjectHideFlags: 1
  m_PrefabParentObject: {fileID: 0}
  m_PrefabInternal: {fileID: 100100000}
  serializedVersion: 4
  m_Component:
  - 4: {fileID: 469882}
  m_Layer: 0
  m_Name: Bone_Righthand
  m_TagString: Untagged
  m_Icon: {fileID: 0}
  m_NavMeshLayer: 0
  m_StaticEditorFlags: 0
  m_IsActive: 1
--- !u!1 &185164
GameObject:
  m_ObjectHideFlags: 1
  m_PrefabParentObject: {fileID: 0}
  m_PrefabInternal: {fileID: 100100000}
  serializedVersion: 4
  m_Component:
  - 4: {fileID: 457636}
  m_Layer: 0
  m_Name: Bone17
  m_TagString: Untagged
  m_Icon: {fileID: 0}
  m_NavMeshLayer: 0
  m_StaticEditorFlags: 0
  m_IsActive: 1
--- !u!1 &185912
GameObject:
  m_ObjectHideFlags: 1
  m_PrefabParentObject: {fileID: 0}
  m_PrefabInternal: {fileID: 100100000}
  serializedVersion: 4
  m_Component:
  - 4: {fileID: 460722}
  m_Layer: 0
  m_Name: Bone36
  m_TagString: Untagged
  m_Icon: {fileID: 0}
  m_NavMeshLayer: 0
  m_StaticEditorFlags: 0
  m_IsActive: 1
--- !u!1 &186682
GameObject:
  m_ObjectHideFlags: 1
  m_PrefabParentObject: {fileID: 0}
  m_PrefabInternal: {fileID: 100100000}
  serializedVersion: 4
  m_Component:
  - 4: {fileID: 444828}
  m_Layer: 0
  m_Name: Bone40
  m_TagString: Untagged
  m_Icon: {fileID: 0}
  m_NavMeshLayer: 0
  m_StaticEditorFlags: 0
  m_IsActive: 1
--- !u!1 &196170
GameObject:
  m_ObjectHideFlags: 1
  m_PrefabParentObject: {fileID: 0}
  m_PrefabInternal: {fileID: 100100000}
  serializedVersion: 4
  m_Component:
  - 4: {fileID: 461282}
  m_Layer: 0
  m_Name: Bone41
  m_TagString: Untagged
  m_Icon: {fileID: 0}
  m_NavMeshLayer: 0
  m_StaticEditorFlags: 0
  m_IsActive: 1
--- !u!1 &196778
GameObject:
  m_ObjectHideFlags: 1
  m_PrefabParentObject: {fileID: 0}
  m_PrefabInternal: {fileID: 100100000}
  serializedVersion: 4
  m_Component:
  - 4: {fileID: 498020}
  m_Layer: 0
  m_Name: Bone18
  m_TagString: Untagged
  m_Icon: {fileID: 0}
  m_NavMeshLayer: 0
  m_StaticEditorFlags: 0
  m_IsActive: 1
--- !u!1 &199654
GameObject:
  m_ObjectHideFlags: 1
  m_PrefabParentObject: {fileID: 0}
  m_PrefabInternal: {fileID: 100100000}
  serializedVersion: 4
  m_Component:
  - 4: {fileID: 475060}
  m_Layer: 0
  m_Name: Bone05
  m_TagString: Untagged
  m_Icon: {fileID: 0}
  m_NavMeshLayer: 0
  m_StaticEditorFlags: 0
  m_IsActive: 1
--- !u!4 &401644
Transform:
  m_ObjectHideFlags: 1
  m_PrefabParentObject: {fileID: 0}
  m_PrefabInternal: {fileID: 100100000}
  m_GameObject: {fileID: 161154}
  m_LocalRotation: {x: 0, y: 0, z: 0, w: 1}
  m_LocalPosition: {x: 0, y: 0, z: 0}
  m_LocalScale: {x: 1, y: 1, z: 1}
  m_Children: []
  m_Father: {fileID: 406716}
  m_RootOrder: 6
--- !u!4 &406082
Transform:
  m_ObjectHideFlags: 1
  m_PrefabParentObject: {fileID: 0}
  m_PrefabInternal: {fileID: 100100000}
  m_GameObject: {fileID: 184028}
  m_LocalRotation: {x: -.656063139, y: 0, z: -0, w: .754706025}
  m_LocalPosition: {x: -0, y: -.0932633951, z: 0}
  m_LocalScale: {x: 1, y: 1, z: 1}
  m_Children: []
  m_Father: {fileID: 498020}
  m_RootOrder: 0
--- !u!4 &406716
Transform:
  m_ObjectHideFlags: 1
  m_PrefabParentObject: {fileID: 0}
  m_PrefabInternal: {fileID: 100100000}
  m_GameObject: {fileID: 105458}
  m_LocalRotation: {x: 0, y: 0, z: 0, w: 1}
  m_LocalPosition: {x: 0, y: 0, z: 0}
  m_LocalScale: {x: 1, y: 1, z: 1}
  m_Children:
  - {fileID: 424054}
  - {fileID: 465554}
  - {fileID: 469872}
  - {fileID: 474754}
  - {fileID: 432524}
  - {fileID: 452102}
  - {fileID: 401644}
  - {fileID: 461192}
  - {fileID: 498436}
  - {fileID: 449006}
  - {fileID: 462944}
  - {fileID: 493914}
  m_Father: {fileID: 0}
  m_RootOrder: 0
--- !u!4 &407696
Transform:
  m_ObjectHideFlags: 1
  m_PrefabParentObject: {fileID: 0}
  m_PrefabInternal: {fileID: 100100000}
  m_GameObject: {fileID: 122554}
  m_LocalRotation: {x: -.220697448, y: 0, z: -0, w: .975342333}
  m_LocalPosition: {x: -0, y: -.0752465948, z: 0}
  m_LocalScale: {x: 1, y: 1, z: 1}
  m_Children: []
  m_Father: {fileID: 412690}
  m_RootOrder: 0
--- !u!4 &408216
Transform:
  m_ObjectHideFlags: 1
  m_PrefabParentObject: {fileID: 0}
  m_PrefabInternal: {fileID: 100100000}
  m_GameObject: {fileID: 133752}
  m_LocalRotation: {x: 0, y: 0, z: .43601647, w: .899938703}
  m_LocalPosition: {x: -.100187391, y: -2.69999982e-05, z: 0}
  m_LocalScale: {x: 1, y: 1, z: 1}
  m_Children: []
  m_Father: {fileID: 411290}
  m_RootOrder: 0
--- !u!4 &409550
Transform:
  m_ObjectHideFlags: 1
  m_PrefabParentObject: {fileID: 0}
  m_PrefabInternal: {fileID: 100100000}
  m_GameObject: {fileID: 143862}
  m_LocalRotation: {x: 0, y: 0, z: 0, w: 1}
  m_LocalPosition: {x: -0, y: .200072587, z: .0853749961}
  m_LocalScale: {x: 1, y: 1, z: 1}
  m_Children:
  - {fileID: 419434}
  - {fileID: 455002}
  - {fileID: 476822}
  - {fileID: 421014}
  - {fileID: 452228}
  m_Father: {fileID: 417954}
  m_RootOrder: 0
--- !u!4 &411290
Transform:
  m_ObjectHideFlags: 1
  m_PrefabParentObject: {fileID: 0}
  m_PrefabInternal: {fileID: 100100000}
  m_GameObject: {fileID: 127230}
  m_LocalRotation: {x: -.151967153, y: .00690037664, z: .427057058, w: .891336501}
  m_LocalPosition: {x: -.188716486, y: .00128779991, z: 0}
  m_LocalScale: {x: 1, y: 1, z: 1}
  m_Children:
  - {fileID: 408216}
  m_Father: {fileID: 475060}
  m_RootOrder: 0
--- !u!4 &412690
Transform:
  m_ObjectHideFlags: 1
  m_PrefabParentObject: {fileID: 0}
  m_PrefabInternal: {fileID: 100100000}
  m_GameObject: {fileID: 151382}
  m_LocalRotation: {x: -.551198959, y: 0, z: -0, w: .834373832}
  m_LocalPosition: {x: -0, y: -.129297093, z: 0}
  m_LocalScale: {x: 1, y: 1, z: 1}
  m_Children:
  - {fileID: 407696}
  m_Father: {fileID: 476762}
  m_RootOrder: 0
--- !u!4 &413170
Transform:
  m_ObjectHideFlags: 1
  m_PrefabParentObject: {fileID: 0}
  m_PrefabInternal: {fileID: 100100000}
  m_GameObject: {fileID: 145322}
  m_LocalRotation: {x: 0, y: -0, z: -.190816641, w: .981625736}
  m_LocalPosition: {x: -.0982425958, y: .000318599981, z: 0}
  m_LocalScale: {x: 1, y: 1, z: 1}
  m_Children: []
  m_Father: {fileID: 431126}
  m_RootOrder: 0
--- !u!4 &417954
Transform:
  m_ObjectHideFlags: 1
  m_PrefabParentObject: {fileID: 0}
  m_PrefabInternal: {fileID: 100100000}
  m_GameObject: {fileID: 165302}
  m_LocalRotation: {x: -.049164068, y: -.690260589, z: .039855931, w: .720787585}
  m_LocalPosition: {x: .0435131975, y: -.304362178, z: .0895599946}
  m_LocalScale: {x: 1, y: 1, z: 1}
  m_Children:
  - {fileID: 409550}
  m_Father: {fileID: 479188}
  m_RootOrder: 1
--- !u!4 &419434
Transform:
  m_ObjectHideFlags: 1
  m_PrefabParentObject: {fileID: 0}
  m_PrefabInternal: {fileID: 100100000}
  m_GameObject: {fileID: 139414}
  m_LocalRotation: {x: 0, y: 0, z: 0, w: 1}
  m_LocalPosition: {x: -.0021118999, y: -.284555078, z: .108493097}
  m_LocalScale: {x: 1, y: 1, z: 1}
  m_Children: []
  m_Father: {fileID: 409550}
  m_RootOrder: 0
--- !u!4 &421014
Transform:
  m_ObjectHideFlags: 1
  m_PrefabParentObject: {fileID: 0}
  m_PrefabInternal: {fileID: 100100000}
  m_GameObject: {fileID: 140914}
  m_LocalRotation: {x: 0, y: 0, z: 0, w: 1}
  m_LocalPosition: {x: -.0021118999, y: -.937547743, z: .380948782}
  m_LocalScale: {x: 1, y: 1, z: 1}
  m_Children: []
  m_Father: {fileID: 409550}
  m_RootOrder: 3
--- !u!4 &421160
Transform:
  m_ObjectHideFlags: 1
  m_PrefabParentObject: {fileID: 0}
  m_PrefabInternal: {fileID: 100100000}
  m_GameObject: {fileID: 121874}
  m_LocalRotation: {x: -.0273928251, y: .0748552233, z: .94367373, w: .321132749}
  m_LocalPosition: {x: .0308253989, y: -.000781400013, z: .0307165999}
  m_LocalScale: {x: 1, y: 1, z: 1}
  m_Children:
  - {fileID: 431126}
  m_Father: {fileID: 482742}
  m_RootOrder: 0
--- !u!4 &424054
Transform:
  m_ObjectHideFlags: 1
  m_PrefabParentObject: {fileID: 0}
  m_PrefabInternal: {fileID: 100100000}
  m_GameObject: {fileID: 123394}
  m_LocalRotation: {x: 0, y: 0, z: 0, w: 1}
  m_LocalPosition: {x: 0, y: 0, z: 0}
  m_LocalScale: {x: 1, y: 1, z: 1}
  m_Children: []
  m_Father: {fileID: 406716}
  m_RootOrder: 0
--- !u!4 &424604
Transform:
  m_ObjectHideFlags: 1
  m_PrefabParentObject: {fileID: 0}
  m_PrefabInternal: {fileID: 100100000}
  m_GameObject: {fileID: 110692}
  m_LocalRotation: {x: -.361629426, y: 0, z: -0, w: .932321906}
  m_LocalPosition: {x: .00105979992, y: -.120818488, z: 0}
  m_LocalScale: {x: 1, y: 1, z: 1}
  m_Children:
  - {fileID: 425532}
  m_Father: {fileID: 458806}
  m_RootOrder: 0
--- !u!4 &425302
Transform:
  m_ObjectHideFlags: 1
  m_PrefabParentObject: {fileID: 0}
  m_PrefabInternal: {fileID: 100100000}
  m_GameObject: {fileID: 177130}
  m_LocalRotation: {x: -.29237178, y: 0, z: -0, w: .956304789}
  m_LocalPosition: {x: .000169699997, y: -.0749370977, z: 0}
  m_LocalScale: {x: 1, y: 1, z: 1}
  m_Children: []
  m_Father: {fileID: 434796}
  m_RootOrder: 0
--- !u!4 &425532
Transform:
  m_ObjectHideFlags: 1
  m_PrefabParentObject: {fileID: 0}
  m_PrefabInternal: {fileID: 100100000}
  m_GameObject: {fileID: 136992}
  m_LocalRotation: {x: -.622514427, y: 0, z: -0, w: .78260833}
  m_LocalPosition: {x: -0, y: -.0763065964, z: 0}
  m_LocalScale: {x: 1, y: 1, z: 1}
  m_Children: []
  m_Father: {fileID: 424604}
  m_RootOrder: 0
--- !u!4 &426150
Transform:
  m_ObjectHideFlags: 1
  m_PrefabParentObject: {fileID: 0}
  m_PrefabInternal: {fileID: 100100000}
  m_GameObject: {fileID: 123136}
  m_LocalRotation: {x: -.263031483, y: 0, z: -0, w: .964787245}
  m_LocalPosition: {x: 9.99999941e-08, y: -.0943232924, z: -9.99999941e-08}
  m_LocalScale: {x: 1, y: 1, z: 1}
  m_Children: []
  m_Father: {fileID: 460722}
  m_RootOrder: 0
--- !u!4 &431126
Transform:
  m_ObjectHideFlags: 1
  m_PrefabParentObject: {fileID: 0}
  m_PrefabInternal: {fileID: 100100000}
  m_GameObject: {fileID: 177640}
  m_LocalRotation: {x: -.0470151193, y: .0229852963, z: -.0948357955, w: .994116426}
  m_LocalPosition: {x: -.1978378, y: .00195429986, z: 0}
  m_LocalScale: {x: 1, y: 1, z: 1}
  m_Children:
  - {fileID: 413170}
  m_Father: {fileID: 421160}
  m_RootOrder: 0
--- !u!4 &432524
Transform:
  m_ObjectHideFlags: 1
  m_PrefabParentObject: {fileID: 0}
  m_PrefabInternal: {fileID: 100100000}
  m_GameObject: {fileID: 112982}
  m_LocalRotation: {x: 0, y: 0, z: 0, w: 1}
  m_LocalPosition: {x: 0, y: 0, z: 0}
  m_LocalScale: {x: 1, y: 1, z: 1}
  m_Children: []
  m_Father: {fileID: 406716}
  m_RootOrder: 4
--- !u!4 &434796
Transform:
  m_ObjectHideFlags: 1
  m_PrefabParentObject: {fileID: 0}
  m_PrefabInternal: {fileID: 100100000}
  m_GameObject: {fileID: 153220}
  m_LocalRotation: {x: -.337909132, y: 0, z: -0, w: .941178739}
  m_LocalPosition: {x: .00123219995, y: -.128091693, z: 0}
  m_LocalScale: {x: 1, y: 1, z: 1}
  m_Children:
  - {fileID: 425302}
  m_Father: {fileID: 441638}
  m_RootOrder: 0
--- !u!4 &441638
Transform:
  m_ObjectHideFlags: 1
  m_PrefabParentObject: {fileID: 0}
  m_PrefabInternal: {fileID: 100100000}
  m_GameObject: {fileID: 180608}
  m_LocalRotation: {x: -.192789659, y: .0233251471, z: -.0115353782, w: .980895042}
  m_LocalPosition: {x: -.0763063952, y: -.249055579, z: -.0278957002}
  m_LocalScale: {x: 1, y: 1, z: 1}
  m_Children:
  - {fileID: 434796}
  m_Father: {fileID: 491844}
  m_RootOrder: 4
--- !u!4 &444828
Transform:
  m_ObjectHideFlags: 1
  m_PrefabParentObject: {fileID: 0}
  m_PrefabInternal: {fileID: 100100000}
  m_GameObject: {fileID: 186682}
  m_LocalRotation: {x: -.212177828, y: 0, z: -0, w: .977231085}
  m_LocalPosition: {x: -.00210219971, y: -.120818593, z: 0}
  m_LocalScale: {x: 1, y: 1, z: 1}
  m_Children:
  - {fileID: 461282}
  m_Father: {fileID: 452826}
  m_RootOrder: 0
--- !u!4 &449006
Transform:
  m_ObjectHideFlags: 1
  m_PrefabParentObject: {fileID: 0}
  m_PrefabInternal: {fileID: 100100000}
  m_GameObject: {fileID: 122666}
  m_LocalRotation: {x: 0, y: 0, z: 0, w: 1}
  m_LocalPosition: {x: 0, y: 0, z: 0}
  m_LocalScale: {x: 1, y: 1, z: 1}
  m_Children: []
  m_Father: {fileID: 406716}
  m_RootOrder: 9
--- !u!4 &452102
Transform:
  m_ObjectHideFlags: 1
  m_PrefabParentObject: {fileID: 0}
  m_PrefabInternal: {fileID: 100100000}
  m_GameObject: {fileID: 179656}
  m_LocalRotation: {x: 0, y: 0, z: 0, w: 1}
  m_LocalPosition: {x: 0, y: 0, z: 0}
  m_LocalScale: {x: 1, y: 1, z: 1}
  m_Children: []
  m_Father: {fileID: 406716}
  m_RootOrder: 5
--- !u!4 &452228
Transform:
  m_ObjectHideFlags: 1
  m_PrefabParentObject: {fileID: 0}
  m_PrefabInternal: {fileID: 100100000}
  m_GameObject: {fileID: 169450}
  m_LocalRotation: {x: 0, y: 0, z: 0, w: 1}
  m_LocalPosition: {x: -.0021118999, y: -.39939186, z: .320152789}
  m_LocalScale: {x: 1, y: 1, z: 1}
  m_Children: []
  m_Father: {fileID: 409550}
  m_RootOrder: 4
--- !u!4 &452826
Transform:
  m_ObjectHideFlags: 1
  m_PrefabParentObject: {fileID: 0}
  m_PrefabInternal: {fileID: 100100000}
  m_GameObject: {fileID: 155472}
  m_LocalRotation: {x: -.706899405, y: .00527562201, z: .0237677563, w: .706894994}
  m_LocalPosition: {x: -.0444212966, y: -.256195992, z: -.0277654994}
  m_LocalScale: {x: 1, y: 1, z: 1}
  m_Children:
  - {fileID: 444828}
  m_Father: {fileID: 482742}
  m_RootOrder: 3
--- !u!4 &455002
Transform:
  m_ObjectHideFlags: 1
  m_PrefabParentObject: {fileID: 0}
  m_PrefabInternal: {fileID: 100100000}
  m_GameObject: {fileID: 182080}
  m_LocalRotation: {x: 0, y: 0, z: 0, w: 1}
  m_LocalPosition: {x: -.0021118999, y: -.48270455, z: .0994862914}
  m_LocalScale: {x: 1, y: 1, z: 1}
  m_Children: []
  m_Father: {fileID: 409550}
  m_RootOrder: 1
--- !u!4 &455148
Transform:
  m_ObjectHideFlags: 1
  m_PrefabParentObject: {fileID: 0}
  m_PrefabInternal: {fileID: 100100000}
  m_GameObject: {fileID: 168426}
  m_LocalRotation: {x: -.586928248, y: -.0367842354, z: .174388871, w: .789778888}
  m_LocalPosition: {x: .112335891, y: -.219509274, z: -.0278957002}
  m_LocalScale: {x: 1, y: 1, z: 1}
  m_Children:
  - {fileID: 455990}
  m_Father: {fileID: 491844}
  m_RootOrder: 1
--- !u!4 &455990
Transform:
  m_ObjectHideFlags: 1
  m_PrefabParentObject: {fileID: 0}
  m_PrefabInternal: {fileID: 100100000}
  m_GameObject: {fileID: 177266}
  m_LocalRotation: {x: -.26808235, y: 0, z: -0, w: .963396013}
  m_LocalPosition: {x: -.00107719994, y: -.0963790938, z: 0}
  m_LocalScale: {x: 1, y: 1, z: 1}
  m_Children:
  - {fileID: 496142}
  m_Father: {fileID: 455148}
  m_RootOrder: 0
--- !u!4 &457636
Transform:
  m_ObjectHideFlags: 1
  m_PrefabParentObject: {fileID: 0}
  m_PrefabInternal: {fileID: 100100000}
  m_GameObject: {fileID: 185164}
  m_LocalRotation: {x: -.540303409, y: .00641151285, z: .144891113, w: .828877449}
  m_LocalPosition: {x: -.0105980998, y: -.260713398, z: -.0278957002}
  m_LocalScale: {x: 1, y: 1, z: 1}
  m_Children:
  - {fileID: 498020}
  m_Father: {fileID: 491844}
  m_RootOrder: 3
--- !u!4 &458806
Transform:
  m_ObjectHideFlags: 1
  m_PrefabParentObject: {fileID: 0}
  m_PrefabInternal: {fileID: 100100000}
  m_GameObject: {fileID: 132938}
  m_LocalRotation: {x: -.646739841, y: -.0092569543, z: .135189399, w: .750576913}
  m_LocalPosition: {x: .0519308969, y: -.250115484, z: -.0278957002}
  m_LocalScale: {x: 1, y: 1, z: 1}
  m_Children:
  - {fileID: 424604}
  m_Father: {fileID: 491844}
  m_RootOrder: 2
--- !u!4 &460722
Transform:
  m_ObjectHideFlags: 1
  m_PrefabParentObject: {fileID: 0}
  m_PrefabInternal: {fileID: 100100000}
  m_GameObject: {fileID: 185912}
  m_LocalRotation: {x: -.33707422, y: 0, z: -0, w: .941478074}
  m_LocalPosition: {x: -.00105989992, y: -.126117691, z: 9.99999941e-08}
  m_LocalScale: {x: 1, y: 1, z: 1}
  m_Children:
  - {fileID: 426150}
  m_Father: {fileID: 472654}
  m_RootOrder: 0
--- !u!4 &461192
Transform:
  m_ObjectHideFlags: 1
  m_PrefabParentObject: {fileID: 0}
  m_PrefabInternal: {fileID: 100100000}
  m_GameObject: {fileID: 136846}
  m_LocalRotation: {x: 0, y: 0, z: 0, w: 1}
  m_LocalPosition: {x: 0, y: 0, z: 0}
  m_LocalScale: {x: 1, y: 1, z: 1}
  m_Children: []
  m_Father: {fileID: 406716}
  m_RootOrder: 7
--- !u!4 &461282
Transform:
  m_ObjectHideFlags: 1
  m_PrefabParentObject: {fileID: 0}
  m_PrefabInternal: {fileID: 100100000}
  m_GameObject: {fileID: 196170}
  m_LocalRotation: {x: -.224951252, y: 0, z: -0, w: .974370062}
  m_LocalPosition: {x: -.00105969992, y: -.0741866976, z: -9.99999941e-08}
  m_LocalScale: {x: 1, y: 1, z: 1}
  m_Children: []
  m_Father: {fileID: 444828}
  m_RootOrder: 0
--- !u!4 &462944
Transform:
  m_ObjectHideFlags: 1
  m_PrefabParentObject: {fileID: 0}
  m_PrefabInternal: {fileID: 100100000}
  m_GameObject: {fileID: 163876}
  m_LocalRotation: {x: 0, y: 0, z: 0, w: 1}
  m_LocalPosition: {x: 0, y: 0, z: 0}
  m_LocalScale: {x: 1, y: 1, z: 1}
  m_Children: []
  m_Father: {fileID: 406716}
  m_RootOrder: 10
--- !u!4 &465554
Transform:
  m_ObjectHideFlags: 1
  m_PrefabParentObject: {fileID: 0}
  m_PrefabInternal: {fileID: 100100000}
  m_GameObject: {fileID: 108792}
  m_LocalRotation: {x: .628943086, y: -.461163014, z: .432820439, w: -.452134669}
  m_LocalPosition: {x: -.760810971, y: -.819405794, z: -.266890377}
  m_LocalScale: {x: .99999994, y: 1, z: 1}
  m_Children:
  - {fileID: 479188}
  m_Father: {fileID: 406716}
  m_RootOrder: 1
--- !u!4 &467958
Transform:
  m_ObjectHideFlags: 1
  m_PrefabParentObject: {fileID: 0}
  m_PrefabInternal: {fileID: 100100000}
  m_GameObject: {fileID: 126490}
  m_LocalRotation: {x: -.684499264, y: .0155638726, z: .0410793945, w: .727688789}
  m_LocalPosition: {x: -.104744501, y: -.222282082, z: -.0277654994}
  m_LocalScale: {x: 1, y: 1, z: 1}
  m_Children:
  - {fileID: 486470}
  m_Father: {fileID: 482742}
  m_RootOrder: 4
--- !u!4 &468390
Transform:
  m_ObjectHideFlags: 1
  m_PrefabParentObject: {fileID: 0}
  m_PrefabInternal: {fileID: 100100000}
  m_GameObject: {fileID: 163658}
  m_LocalRotation: {x: -.258819163, y: 0, z: -0, w: .965925813}
  m_LocalPosition: {x: 9.99999941e-08, y: -.0614689961, z: 0}
  m_LocalScale: {x: 1, y: 1, z: 1}
  m_Children: []
  m_Father: {fileID: 486470}
  m_RootOrder: 0
--- !u!4 &469872
Transform:
  m_ObjectHideFlags: 1
  m_PrefabParentObject: {fileID: 0}
  m_PrefabInternal: {fileID: 100100000}
  m_GameObject: {fileID: 180034}
  m_LocalRotation: {x: .874147058, y: .239524409, z: .238905802, w: -.34845227}
  m_LocalPosition: {x: .0799090788, y: -1.04869461, z: .933182359}
  m_LocalScale: {x: 1, y: 1.00000012, z: .99999994}
  m_Children:
  - {fileID: 469882}
  m_Father: {fileID: 406716}
  m_RootOrder: 2
--- !u!4 &469882
Transform:
  m_ObjectHideFlags: 1
  m_PrefabParentObject: {fileID: 0}
  m_PrefabInternal: {fileID: 100100000}
  m_GameObject: {fileID: 184482}
  m_LocalRotation: {x: .282277972, y: -.00200998946, z: -.0938281193, w: .954731107}
  m_LocalPosition: {x: -.00899289921, y: -.854316294, z: 0}
  m_LocalScale: {x: 1, y: 1, z: 1}
  m_Children:
  - {fileID: 482742}
  m_Father: {fileID: 469872}
  m_RootOrder: 0
--- !u!4 &472654
Transform:
  m_ObjectHideFlags: 1
  m_PrefabParentObject: {fileID: 0}
  m_PrefabInternal: {fileID: 100100000}
  m_GameObject: {fileID: 132022}
  m_LocalRotation: {x: -.615672052, y: 0, z: -0, w: .788002551}
  m_LocalPosition: {x: .0170478988, y: -.263614684, z: -.0277654994}
  m_LocalScale: {x: 1, y: 1, z: 1}
  m_Children:
  - {fileID: 460722}
  m_Father: {fileID: 482742}
  m_RootOrder: 2
--- !u!4 &474754
Transform:
  m_ObjectHideFlags: 1
  m_PrefabParentObject: {fileID: 0}
  m_PrefabInternal: {fileID: 100100000}
  m_GameObject: {fileID: 156612}
  m_LocalRotation: {x: 0, y: 0, z: 0, w: 1}
  m_LocalPosition: {x: 0, y: 0, z: 0}
  m_LocalScale: {x: 1, y: 1, z: 1}
  m_Children: []
  m_Father: {fileID: 406716}
  m_RootOrder: 3
--- !u!4 &475060
Transform:
  m_ObjectHideFlags: 1
  m_PrefabParentObject: {fileID: 0}
  m_PrefabInternal: {fileID: 100100000}
  m_GameObject: {fileID: 199654}
  m_LocalRotation: {x: .0104906643, y: .272825718, z: .400821805, w: .874527335}
  m_LocalPosition: {x: -.0354566984, y: .00162669993, z: .0318132974}
  m_LocalScale: {x: 1, y: 1, z: 1}
  m_Children:
  - {fileID: 411290}
  m_Father: {fileID: 491844}
  m_RootOrder: 0
--- !u!4 &476762
Transform:
  m_ObjectHideFlags: 1
  m_PrefabParentObject: {fileID: 0}
  m_PrefabInternal: {fileID: 100100000}
  m_GameObject: {fileID: 127268}
  m_LocalRotation: {x: -.41310814, y: 0, z: -0, w: .910681963}
  m_LocalPosition: {x: .0827562958, y: -.250897259, z: -.0277655981}
  m_LocalScale: {x: 1, y: 1, z: 1}
  m_Children:
  - {fileID: 412690}
  m_Father: {fileID: 482742}
  m_RootOrder: 1
--- !u!4 &476822
Transform:
  m_ObjectHideFlags: 1
  m_PrefabParentObject: {fileID: 0}
  m_PrefabInternal: {fileID: 100100000}
  m_GameObject: {fileID: 141742}
  m_LocalRotation: {x: 0, y: 0, z: 0, w: 1}
  m_LocalPosition: {x: -.0021118999, y: -.554758847, z: .153527185}
  m_LocalScale: {x: 1, y: 1, z: 1}
  m_Children: []
  m_Father: {fileID: 409550}
  m_RootOrder: 2
--- !u!4 &479188
Transform:
  m_ObjectHideFlags: 1
  m_PrefabParentObject: {fileID: 0}
  m_PrefabInternal: {fileID: 100100000}
  m_GameObject: {fileID: 138412}
  m_LocalRotation: {x: .166704223, y: .0760171264, z: .0724667236, w: .980397701}
  m_LocalPosition: {x: -0, y: -.856328249, z: 0}
  m_LocalScale: {x: 1, y: 1, z: 1}
  m_Children:
  - {fileID: 491844}
  - {fileID: 417954}
  m_Father: {fileID: 465554}
  m_RootOrder: 0
--- !u!4 &482742
Transform:
  m_ObjectHideFlags: 1
  m_PrefabParentObject: {fileID: 0}
  m_PrefabInternal: {fileID: 100100000}
  m_GameObject: {fileID: 124240}
  m_LocalRotation: {x: 0, y: 0, z: 0, w: 1}
  m_LocalPosition: {x: -0, y: -.0359712951, z: 0}
  m_LocalScale: {x: 1, y: 1, z: 1}
  m_Children:
  - {fileID: 421160}
  - {fileID: 476762}
  - {fileID: 472654}
  - {fileID: 452826}
  - {fileID: 467958}
  m_Father: {fileID: 469882}
  m_RootOrder: 0
--- !u!4 &486470
Transform:
  m_ObjectHideFlags: 1
  m_PrefabParentObject: {fileID: 0}
  m_PrefabInternal: {fileID: 100100000}
  m_GameObject: {fileID: 118204}
  m_LocalRotation: {x: -.306531519, y: 0, z: -0, w: .951860547}
  m_LocalPosition: {x: -0, y: -.0996222943, z: -9.99999941e-08}
  m_LocalScale: {x: 1, y: 1, z: 1}
  m_Children:
  - {fileID: 468390}
  m_Father: {fileID: 467958}
  m_RootOrder: 0
--- !u!4 &491844
Transform:
  m_ObjectHideFlags: 1
  m_PrefabParentObject: {fileID: 0}
  m_PrefabInternal: {fileID: 100100000}
  m_GameObject: {fileID: 138878}
  m_LocalRotation: {x: 0, y: 0, z: 0, w: 1}
  m_LocalPosition: {x: .000347999972, y: -.0404828973, z: 0}
  m_LocalScale: {x: 1, y: 1, z: 1}
  m_Children:
  - {fileID: 475060}
  - {fileID: 455148}
  - {fileID: 458806}
  - {fileID: 457636}
  - {fileID: 441638}
  m_Father: {fileID: 479188}
  m_RootOrder: 0
--- !u!4 &493914
Transform:
  m_ObjectHideFlags: 1
  m_PrefabParentObject: {fileID: 0}
  m_PrefabInternal: {fileID: 100100000}
  m_GameObject: {fileID: 148678}
  m_LocalRotation: {x: 0, y: 0, z: 0, w: 1}
  m_LocalPosition: {x: 0, y: 0, z: 0}
  m_LocalScale: {x: 1, y: 1, z: 1}
  m_Children: []
  m_Father: {fileID: 406716}
  m_RootOrder: 11
--- !u!4 &496142
Transform:
  m_ObjectHideFlags: 1
  m_PrefabParentObject: {fileID: 0}
  m_PrefabInternal: {fileID: 100100000}
  m_GameObject: {fileID: 137318}
  m_LocalRotation: {x: -.5504812, y: 0, z: -0, w: .834847569}
  m_LocalPosition: {x: .0010411999, y: -.0631915927, z: 0}
  m_LocalScale: {x: 1, y: 1, z: 1}
  m_Children: []
  m_Father: {fileID: 455990}
  m_RootOrder: 0
--- !u!4 &498020
Transform:
  m_ObjectHideFlags: 1
  m_PrefabParentObject: {fileID: 0}
  m_PrefabInternal: {fileID: 100100000}
  m_GameObject: {fileID: 196778}
  m_LocalRotation: {x: -.464841843, y: 0, z: -0, w: .885393739}
  m_LocalPosition: {x: -0, y: -.125057891, z: 0}
  m_LocalScale: {x: 1, y: 1, z: 1}
  m_Children:
  - {fileID: 406082}
  m_Father: {fileID: 457636}
  m_RootOrder: 0
--- !u!4 &498436
Transform:
  m_ObjectHideFlags: 1
  m_PrefabParentObject: {fileID: 0}
  m_PrefabInternal: {fileID: 100100000}
  m_GameObject: {fileID: 151232}
  m_LocalRotation: {x: 0, y: 0, z: 0, w: 1}
  m_LocalPosition: {x: 0, y: 0, z: 0}
  m_LocalScale: {x: 1, y: 1, z: 1}
  m_Children: []
  m_Father: {fileID: 406716}
  m_RootOrder: 8
--- !u!111 &11151840
Animation:
  m_ObjectHideFlags: 1
  m_PrefabParentObject: {fileID: 0}
  m_PrefabInternal: {fileID: 100100000}
  m_GameObject: {fileID: 105458}
  m_Enabled: 1
  serializedVersion: 3
  m_Animation: {fileID: 7400000, guid: 1e2ab9f564c794efe9717c720f343689, type: 3}
  m_Animations:
  - {fileID: 7400000, guid: 1e2ab9f564c794efe9717c720f343689, type: 3}
  - {fileID: 7400002, guid: 1e2ab9f564c794efe9717c720f343689, type: 3}
  - {fileID: 7400004, guid: 1e2ab9f564c794efe9717c720f343689, type: 3}
  - {fileID: 7400008, guid: 1e2ab9f564c794efe9717c720f343689, type: 3}
  - {fileID: 7400010, guid: 1e2ab9f564c794efe9717c720f343689, type: 3}
  - {fileID: 7400012, guid: 1e2ab9f564c794efe9717c720f343689, type: 3}
  m_WrapMode: 0
  m_PlayAutomatically: 1
  m_AnimatePhysics: 0
  m_CullingType: 1
--- !u!114 &11495164
MonoBehaviour:
  m_ObjectHideFlags: 1
  m_PrefabParentObject: {fileID: 0}
  m_PrefabInternal: {fileID: 100100000}
  m_GameObject: {fileID: 105458}
  m_Enabled: 1
  m_EditorHideFlags: 0
  m_Script: {fileID: 11500000, guid: d0a03c9313bdc4b658b5937b6ace39ae, type: 3}
  m_Name: 
  m_EditorClassIdentifier: 
  ToolType: 1
  DeformFactor: 2
  Range: 1000
  Deforming: 0
  ClipSize: 30
  CurrentClip: 30
  Reloading: 0
  Auto: 1
  FireQuantity: 1
  FireRate: 0
  NextFireTime: 0
  EffectPrefab: {fileID: 148996, guid: 13fcb47bbaf544f90bbe7c9816071fc5, type: 2}
  DrawSfx:
    clip: {fileID: 0}
    UseDelay: 0
    delay: 0
  ReloadClipIn:
    clip: {fileID: 0}
    UseDelay: 0
    delay: 0
  ReloadClipOut:
    clip: {fileID: 0}
    UseDelay: 0
    delay: 0
  ReloadClipEnd:
    clip: {fileID: 0}
    UseDelay: 0
    delay: 0
  FireSfx: []
  DryFireSfx:
    clip: {fileID: 0}
    UseDelay: 0
    delay: 0
--- !u!137 &13706048
SkinnedMeshRenderer:
  m_ObjectHideFlags: 1
  m_PrefabParentObject: {fileID: 0}
  m_PrefabInternal: {fileID: 100100000}
  m_GameObject: {fileID: 179656}
  m_Enabled: 1
  m_CastShadows: 1
  m_ReceiveShadows: 1
  m_Materials:
  - {fileID: 2100000, guid: 24aae0183f0e84df49f3fe82be5cdb28, type: 2}
  m_SubsetIndices: 
  m_StaticBatchRoot: {fileID: 0}
  m_UseLightProbes: 1
  m_ReflectionProbeUsage: 1
  m_ProbeAnchor: {fileID: 0}
  m_ScaleInLightmap: 1
  m_PreserveUVs: 0
  m_ImportantGI: 0
  m_AutoUVMaxDistance: .5
  m_AutoUVMaxAngle: 89
  m_LightmapParameters: {fileID: 0}
  m_SortingLayerID: 0
  m_SortingOrder: 0
  serializedVersion: 2
  m_Quality: 0
  m_UpdateWhenOffscreen: 0
  m_Mesh: {fileID: 4300010, guid: 1e2ab9f564c794efe9717c720f343689, type: 3}
  m_Bones:
  - {fileID: 417954}
  - {fileID: 421014}
  m_BlendShapeWeights: []
  m_RootBone: {fileID: 417954}
  m_AABB:
    m_Center: {x: -.0105000287, y: -.731707096, z: .393162608}
    m_Extent: {x: .0825000703, y: .342634439, z: .110162139}
  m_DirtyAABB: 0
--- !u!137 &13706968
SkinnedMeshRenderer:
  m_ObjectHideFlags: 1
  m_PrefabParentObject: {fileID: 0}
  m_PrefabInternal: {fileID: 100100000}
  m_GameObject: {fileID: 156612}
  m_Enabled: 1
  m_CastShadows: 1
  m_ReceiveShadows: 1
  m_Materials:
  - {fileID: 2100000, guid: bacfdbb9bdf464ce89ba4663a82ee0dd, type: 2}
  m_SubsetIndices: 
  m_StaticBatchRoot: {fileID: 0}
  m_UseLightProbes: 1
  m_ReflectionProbeUsage: 1
  m_ProbeAnchor: {fileID: 0}
  m_ScaleInLightmap: 1
  m_PreserveUVs: 0
  m_ImportantGI: 0
  m_AutoUVMaxDistance: .5
  m_AutoUVMaxAngle: 89
  m_LightmapParameters: {fileID: 0}
  m_SortingLayerID: 0
  m_SortingOrder: 0
  serializedVersion: 2
  m_Quality: 0
  m_UpdateWhenOffscreen: 0
  m_Mesh: {fileID: 4300002, guid: 1e2ab9f564c794efe9717c720f343689, type: 3}
  m_Bones:
  - {fileID: 417954}
  m_BlendShapeWeights: []
  m_RootBone: {fileID: 417954}
  m_AABB:
    m_Center: {x: -.0155000389, y: .470000237, z: .302000403}
    m_Extent: {x: .0755000412, y: .310000151, z: .194000229}
  m_DirtyAABB: 0
--- !u!137 &13714432
SkinnedMeshRenderer:
  m_ObjectHideFlags: 1
  m_PrefabParentObject: {fileID: 0}
  m_PrefabInternal: {fileID: 100100000}
  m_GameObject: {fileID: 123394}
  m_Enabled: 1
  m_CastShadows: 1
  m_ReceiveShadows: 1
  m_Materials:
  - {fileID: 2100000, guid: 03934d23082f44de39e682d111377569, type: 2}
  m_SubsetIndices: 
  m_StaticBatchRoot: {fileID: 0}
  m_UseLightProbes: 1
  m_ReflectionProbeUsage: 1
  m_ProbeAnchor: {fileID: 0}
  m_ScaleInLightmap: 1
  m_PreserveUVs: 0
  m_ImportantGI: 0
  m_AutoUVMaxDistance: .5
  m_AutoUVMaxAngle: 89
  m_LightmapParameters: {fileID: 0}
  m_SortingLayerID: 0
  m_SortingOrder: 0
  serializedVersion: 2
  m_Quality: 0
  m_UpdateWhenOffscreen: 0
  m_Mesh: {fileID: 4300006, guid: 1e2ab9f564c794efe9717c720f343689, type: 3}
  m_Bones:
  - {fileID: 417954}
  - {fileID: 452228}
  m_BlendShapeWeights: []
  m_RootBone: {fileID: 417954}
  m_AABB:
    m_Center: {x: -.0141119361, y: -.207999706, z: .40800038}
    m_Extent: {x: .0440001339, y: .913000107, z: .0800001919}
  m_DirtyAABB: 0
--- !u!137 &13716394
SkinnedMeshRenderer:
  m_ObjectHideFlags: 1
  m_PrefabParentObject: {fileID: 0}
  m_PrefabInternal: {fileID: 100100000}
  m_GameObject: {fileID: 161154}
  m_Enabled: 1
  m_CastShadows: 1
  m_ReceiveShadows: 1
  m_Materials:
  - {fileID: 2100000, guid: b799a56d9e9c348aeb28d75d41b9f4db, type: 2}
  m_SubsetIndices: 
  m_StaticBatchRoot: {fileID: 0}
  m_UseLightProbes: 1
  m_ReflectionProbeUsage: 1
  m_ProbeAnchor: {fileID: 0}
  m_ScaleInLightmap: 1
  m_PreserveUVs: 0
  m_ImportantGI: 0
  m_AutoUVMaxDistance: .5
  m_AutoUVMaxAngle: 89
  m_LightmapParameters: {fileID: 0}
  m_SortingLayerID: 0
  m_SortingOrder: 0
  serializedVersion: 2
  m_Quality: 0
  m_UpdateWhenOffscreen: 0
  m_Mesh: {fileID: 4300004, guid: 1e2ab9f564c794efe9717c720f343689, type: 3}
  m_Bones:
  - {fileID: 417954}
  - {fileID: 419434}
  - {fileID: 455002}
  m_BlendShapeWeights: []
  m_RootBone: {fileID: 417954}
  m_AABB:
    m_Center: {x: -.0030000098, y: -.38599968, z: .212500602}
    m_Extent: {x: .0440001152, y: .618999958, z: .334500283}
  m_DirtyAABB: 0
--- !u!137 &13717840
SkinnedMeshRenderer:
  m_ObjectHideFlags: 1
  m_PrefabParentObject: {fileID: 0}
  m_PrefabInternal: {fileID: 100100000}
  m_GameObject: {fileID: 163876}
  m_Enabled: 1
  m_CastShadows: 1
  m_ReceiveShadows: 1
  m_Materials:
  - {fileID: 2100000, guid: e3601cbc448824481a51bab34290c904, type: 2}
  m_SubsetIndices: 
  m_StaticBatchRoot: {fileID: 0}
  m_UseLightProbes: 1
  m_ReflectionProbeUsage: 1
  m_ProbeAnchor: {fileID: 0}
  m_ScaleInLightmap: 1
  m_PreserveUVs: 0
  m_ImportantGI: 0
  m_AutoUVMaxDistance: .5
  m_AutoUVMaxAngle: 89
  m_LightmapParameters: {fileID: 0}
  m_SortingLayerID: 0
  m_SortingOrder: 0
  serializedVersion: 2
  m_Quality: 0
  m_UpdateWhenOffscreen: 0
  m_Mesh: {fileID: 4300014, guid: 1e2ab9f564c794efe9717c720f343689, type: 3}
  m_Bones:
  - {fileID: 469872}
  - {fileID: 469882}
  - {fileID: 421160}
  - {fileID: 431126}
  - {fileID: 476762}
  - {fileID: 472654}
  - {fileID: 452826}
  - {fileID: 467958}
  - {fileID: 465554}
  - {fileID: 479188}
  - {fileID: 455148}
  - {fileID: 458806}
  - {fileID: 457636}
  - {fileID: 441638}
  - {fileID: 475060}
  - {fileID: 411290}
  m_BlendShapeWeights: []
  m_RootBone: {fileID: 465554}
  m_AABB:
    m_Center: {x: .458726138, y: -1.45156825, z: -.0755463839}
    m_Extent: {x: 1.05857277, y: .657281756, z: .448554158}
  m_DirtyAABB: 0
--- !u!137 &13723540
SkinnedMeshRenderer:
  m_ObjectHideFlags: 1
  m_PrefabParentObject: {fileID: 0}
  m_PrefabInternal: {fileID: 100100000}
  m_GameObject: {fileID: 136846}
  m_Enabled: 1
  m_CastShadows: 1
  m_ReceiveShadows: 1
  m_Materials:
  - {fileID: 2100000, guid: db5f9e2c143a44788b3835aae02a7e74, type: 2}
  m_SubsetIndices: 
  m_StaticBatchRoot: {fileID: 0}
  m_UseLightProbes: 1
  m_ReflectionProbeUsage: 1
  m_ProbeAnchor: {fileID: 0}
  m_ScaleInLightmap: 1
  m_PreserveUVs: 0
  m_ImportantGI: 0
  m_AutoUVMaxDistance: .5
  m_AutoUVMaxAngle: 89
  m_LightmapParameters: {fileID: 0}
  m_SortingLayerID: 0
  m_SortingOrder: 0
  serializedVersion: 2
  m_Quality: 0
  m_UpdateWhenOffscreen: 0
  m_Mesh: {fileID: 4300000, guid: 1e2ab9f564c794efe9717c720f343689, type: 3}
  m_Bones:
  - {fileID: 417954}
  m_BlendShapeWeights: []
  m_RootBone: {fileID: 417954}
  m_AABB:
    m_Center: {x: -.0130000189, y: -.112999633, z: .377000511}
    m_Extent: {x: .0560000762, y: .319000065, z: .069000259}
  m_DirtyAABB: 0
--- !u!137 &13753740
SkinnedMeshRenderer:
  m_ObjectHideFlags: 1
  m_PrefabParentObject: {fileID: 0}
  m_PrefabInternal: {fileID: 100100000}
  m_GameObject: {fileID: 122666}
  m_Enabled: 1
  m_CastShadows: 1
  m_ReceiveShadows: 1
  m_Materials:
  - {fileID: 2100000, guid: 9284998964f7d4b40b2eda7b7dbf55f8, type: 2}
  m_SubsetIndices: 
  m_StaticBatchRoot: {fileID: 0}
  m_UseLightProbes: 1
  m_ReflectionProbeUsage: 1
  m_ProbeAnchor: {fileID: 0}
  m_ScaleInLightmap: 1
  m_PreserveUVs: 0
  m_ImportantGI: 0
  m_AutoUVMaxDistance: .5
  m_AutoUVMaxAngle: 89
  m_LightmapParameters: {fileID: 0}
  m_SortingLayerID: 0
  m_SortingOrder: 0
  serializedVersion: 2
  m_Quality: 0
  m_UpdateWhenOffscreen: 0
  m_Mesh: {fileID: 4300018, guid: 1e2ab9f564c794efe9717c720f343689, type: 3}
  m_Bones:
  - {fileID: 431126}
  - {fileID: 413170}
  - {fileID: 476762}
  - {fileID: 412690}
  - {fileID: 407696}
  - {fileID: 472654}
  - {fileID: 460722}
  - {fileID: 426150}
  - {fileID: 452826}
  - {fileID: 444828}
  - {fileID: 461282}
  - {fileID: 467958}
  - {fileID: 486470}
  - {fileID: 468390}
  - {fileID: 455148}
  - {fileID: 455990}
  - {fileID: 496142}
  - {fileID: 458806}
  - {fileID: 424604}
  - {fileID: 425532}
  - {fileID: 457636}
  - {fileID: 498020}
  - {fileID: 406082}
  - {fileID: 441638}
  - {fileID: 434796}
  - {fileID: 425302}
  - {fileID: 411290}
  - {fileID: 408216}
  m_BlendShapeWeights: []
  m_RootBone: {fileID: 441638}
  m_AABB:
    m_Center: {x: .499108136, y: -.448412299, z: .10448873}
    m_Extent: {x: 1.03958392, y: .637520075, z: .546195865}
  m_DirtyAABB: 0
--- !u!137 &13758234
SkinnedMeshRenderer:
  m_ObjectHideFlags: 1
  m_PrefabParentObject: {fileID: 0}
  m_PrefabInternal: {fileID: 100100000}
  m_GameObject: {fileID: 112982}
  m_Enabled: 1
  m_CastShadows: 1
  m_ReceiveShadows: 1
  m_Materials:
  - {fileID: 2100000, guid: 4813438d93b7844909313643e6464f7c, type: 2}
  m_SubsetIndices: 
  m_StaticBatchRoot: {fileID: 0}
  m_UseLightProbes: 1
  m_ReflectionProbeUsage: 1
  m_ProbeAnchor: {fileID: 0}
  m_ScaleInLightmap: 1
  m_PreserveUVs: 0
  m_ImportantGI: 0
  m_AutoUVMaxDistance: .5
  m_AutoUVMaxAngle: 89
  m_LightmapParameters: {fileID: 0}
  m_SortingLayerID: 0
  m_SortingOrder: 0
  serializedVersion: 2
  m_Quality: 0
  m_UpdateWhenOffscreen: 0
  m_Mesh: {fileID: 4300008, guid: 1e2ab9f564c794efe9717c720f343689, type: 3}
  m_Bones:
  - {fileID: 417954}
  - {fileID: 476822}
  m_BlendShapeWeights: []
  m_RootBone: {fileID: 417954}
  m_AABB:
    m_Center: {x: -.22699073, y: -.00872075558, z: -.512161732}
    m_Extent: {x: .251736552, y: .713721156, z: .889162302}
  m_DirtyAABB: 0
--- !u!137 &13763028
SkinnedMeshRenderer:
  m_ObjectHideFlags: 1
  m_PrefabParentObject: {fileID: 0}
  m_PrefabInternal: {fileID: 100100000}
  m_GameObject: {fileID: 151232}
  m_Enabled: 1
  m_CastShadows: 1
  m_ReceiveShadows: 1
  m_Materials:
  - {fileID: 2100000, guid: 4201510f459894f88b5846e5e13e374f, type: 2}
  m_SubsetIndices: 
  m_StaticBatchRoot: {fileID: 0}
  m_UseLightProbes: 1
  m_ReflectionProbeUsage: 1
  m_ProbeAnchor: {fileID: 0}
  m_ScaleInLightmap: 1
  m_PreserveUVs: 0
  m_ImportantGI: 0
  m_AutoUVMaxDistance: .5
  m_AutoUVMaxAngle: 89
  m_LightmapParameters: {fileID: 0}
  m_SortingLayerID: 0
  m_SortingOrder: 0
  serializedVersion: 2
  m_Quality: 0
  m_UpdateWhenOffscreen: 0
  m_Mesh: {fileID: 4300012, guid: 1e2ab9f564c794efe9717c720f343689, type: 3}
  m_Bones:
  - {fileID: 417954}
  m_BlendShapeWeights: []
  m_RootBone: {fileID: 417954}
  m_AABB:
    m_Center: {x: -.0130000412, y: .0695003867, z: .512000442}
    m_Extent: {x: .0300001055, y: .0665001273, z: .0360001326}
  m_DirtyAABB: 0
--- !u!137 &13778334
SkinnedMeshRenderer:
  m_ObjectHideFlags: 1
  m_PrefabParentObject: {fileID: 0}
  m_PrefabInternal: {fileID: 100100000}
  m_GameObject: {fileID: 148678}
  m_Enabled: 1
  m_CastShadows: 1
  m_ReceiveShadows: 1
  m_Materials:
  - {fileID: 2100000, guid: ee29af167b46749ed9e3fe631cad2ded, type: 2}
  m_SubsetIndices: 
  m_StaticBatchRoot: {fileID: 0}
  m_UseLightProbes: 1
  m_ReflectionProbeUsage: 1
  m_ProbeAnchor: {fileID: 0}
  m_ScaleInLightmap: 1
  m_PreserveUVs: 0
  m_ImportantGI: 0
  m_AutoUVMaxDistance: .5
  m_AutoUVMaxAngle: 89
  m_LightmapParameters: {fileID: 0}
  m_SortingLayerID: 0
  m_SortingOrder: 0
  serializedVersion: 2
  m_Quality: 0
  m_UpdateWhenOffscreen: 0
  m_Mesh: {fileID: 4300016, guid: 1e2ab9f564c794efe9717c720f343689, type: 3}
  m_Bones:
  - {fileID: 469872}
  - {fileID: 465554}
  m_BlendShapeWeights: []
  m_RootBone: {fileID: 465554}
  m_AABB:
    m_Center: {x: .453439325, y: -.948770821, z: .218441576}
    m_Extent: {x: 1.0373472, y: .950770795, z: .707627058}
  m_DirtyAABB: 0
--- !u!1001 &100100000
Prefab:
  m_ObjectHideFlags: 1
  serializedVersion: 2
  m_Modification:
    m_TransformParent: {fileID: 0}
    m_Modifications:
    - target: {fileID: 0}
      propertyPath: m_LocalPosition.x
      value: 0
      objectReference: {fileID: 0}
    - target: {fileID: 0}
      propertyPath: m_LocalPosition.y
      value: 0
      objectReference: {fileID: 0}
    - target: {fileID: 0}
      propertyPath: m_LocalPosition.z
      value: 0
      objectReference: {fileID: 0}
    - target: {fileID: 0}
      propertyPath: m_LocalScale.x
      value: -.100000001
      objectReference: {fileID: 0}
    - target: {fileID: 0}
      propertyPath: m_LocalScale.y
      value: .100000001
      objectReference: {fileID: 0}
    - target: {fileID: 0}
      propertyPath: m_LocalScale.z
      value: .100000001
      objectReference: {fileID: 0}
    m_RemovedComponents: []
  m_ParentPrefab: {fileID: 0}
  m_RootGameObject: {fileID: 105458}
  m_IsPrefabParent: 1
